%%%%%%%%%%%%%%%%%%%%%%%%%%%%%%%%%%%%%%%%%%%%%%%%%%%%%%%%%%%%%%%%%%%%%%%%%%%%%%%%%%%%%%%%%%%
%                                     MSthesis v1.1                                       %
%                            By Quan Zou <quan.zou@gmail.com>                             %
%                            Version 1.1 released 01/10/2010                              %
%%%%%%%%%%%%%%%%%%%%%%%%%%%%%%%%%%%%%%%%%%%%%%%%%%%%%%%%%%%%%%%%%%%%%%%%%%%%%%%%%%%%%%%%%%%
%
%------------------------------------------------------------------------------------------
% Acronyms of the Journals
%------------------------------------------------------------------------------------------
@STRING{jnsci      = "J Neurosci"}
@STRING{jphysiol   = "J Physiol"}
@STRING{physrev    = "Physiol Rev"}
@STRING{pnas       = "Proc Nat Acad Sci USA"}
@STRING{tins       = "Trends Neurosci"}

%------------------------------------------------------------------------------------------
% books and chapters
%------------------------------------------------------------------------------------------
@BOOK{Lyn02,
   author    = {W. W. Lytton},
   title     = {From Computer to Brain},
   publisher = {Springer-Verlag},
   address   = {New York},
   ISBN      = {0-3879-5526-7},
   year      = {2002} 
}

@BOOK{Zou09,
   author    = {Q. Zou},
   title     = {Computational Models of Spike-Timing Dependent Plasticity: Synapses, Neurons and Circuits},
   publisher = {Lambert},
   address   = {Saarbr{\"u}cken, Germany},
   ISBN      = {978-3-8383-1527-0}
   year      = {2009} 
}

@INBOOK{Ral98,
   editor    = {C. Koch and I. Segev},
   author    = {W. Rall and H. Agmon-Snir},
   title     = {Methods In Neuronal Modeling},
   chapter   = {2},
   series    = {Cable Theory for Dendritic Neurons}, 
   edition   = {Second},
   publisher = {MIT Press},
   pages     = {27-92},
   address   = {Cambridge, Massachusetts},
   year      = {1998},
}

@INBOOK{,
   editor    = {},
   author    = {},
   title     = {},
   chapter   = {},
   series    = {}, 
   edition   = {},
   publisher = {},
   pages     = {},
   address   = {},
   year      = {},
}

%------------------------------------------------------------------------------------------
% articles
%------------------------------------------------------------------------------------------
@ARTICLE{Edw95,
 author  = {F. A. Edwards},
 title   = {{LTP} -- a structural model to explain the inconsistencies},
 journal =  tins,
 volume  = {18},
 year    = {1995},
 pages   = {250-255},
}

@ARTICLE{Clm96,
 author  = {J. D. Clements},
 title   = {Transmitter time course in the synaptic cleft: its role in central synaptic function},
 journal =  tins,
 volume  = {19},
 year    = {1996},
 pages   = {163-171},
}

@ARTICLE{Dim97,
 author  = {J. Diamond and C. Jahrx},
 title   = {Transporters bu er synaptically released glutamate on a submillisecond time scale},
 journal =  jnsci,
 volume  = {17},
 year    = {1997},
 pages   = {4672-4687},
}

@ARTICLE{Rsk98,
 author  = {D. A. Rusakov and D. M. Kullmann},
 title   = {Extrasynaptic glutamate di usion in the hippocampus: ultrastructural constraints, uptake, and receptor activation},
 journal =  jnsci,
 volume  = {18},
 year    = {1998},
 pages   = {3158-3170},
}

@ARTICLE{Kzm97,
 author  = {L. Kaczmarek and M. Kossut and J. {Skangiel-Kramska}},
 title   = {Glutamate receptors in cortical plasticity: molecular and cellular biology},
 journal =  physrev,
 volume  = {77},
 year    = {1997},
 pages   = {217-255},
}

@ARTICLE{Spt95,
 author  = {N. Spruston and P. Jonas and B. Sakmann},
 title   = {Dendritic glutamate receptor channels in rat hippocampal CA3 and CA1 pyramidal neurons},
 journal =  jphysiol,
 volume  = {482},
 year    = {1995},
 pages   = {325-352},
}

@ARTICLE{Mar98,
 author  = {H. Markram and Y. Wang and M. Tsodyks},
 title   = {Diffierential signaling via the same axon of neocortical pyramidal neurons},
 journal =  pnas,
 volume  = {95},
 year    = {1998},
 pages   = {5323-5328},
}

@ARTICLE{Edw95a,
 author  = {F. A. Edwards},
 title   = {Anatomy and electrophysiology of fast central synapses lead to a structural model for long-term potentiation},
 journal =  physrev,
 volume  = {75},
 year    = {1995},
 pages   = {759-787},
}

@ARTICLE{Wls98,
 author  = {B. Walmsley and F. J. Alvarez and R. E. W. Fyffe},
 title   = {Diversity of structure and function at mammalian central synapses},
 journal =  tins,
 volume  = {21},
 year    = {1998},
 pages   = {81-88},
}

@ARTICLE{,
 author  = {},
 title   = {},
 journal = {},
 volume  = {},
 year    = {},
 pages   = {},
}

@ARTICLE{,
 author  = {},
 title   = {},
 journal = {},
 volume  = {},
 year    = {},
 pages   = {},
}

%------------------------------------------------------------------------------------------
% inproceedings and 
%------------------------------------------------------------------------------------------
@inproceedings{,
   editor    = {},
   author    = {},
   booktitle = {},
   title     = {}, 
   publisher = {},
   pages     = {},
   address   = {},
   year      = {},
}

%------------------------------------------------------------------------------------------
% Thesis
%------------------------------------------------------------------------------------------
@MASTERSTHESIS{,
   author   = {},
   title    = {},
   school   = {},
   year     = {},
}

@PHDTHESIS{,
   author   = {},
   title    = {},
   school   = {},
   year     = {},
}

%------------------------------------------------------------------------------------------
% anything else
%------------------------------------------------------------------------------------------
@UNPUBLISHED{,
   author   = {},
   title    = {},
   note     = {},
   year     = {},
}

@MISC{,
   author    = {},
   note      = {},
}
%------------------------------------------------------------------------------------------
%% \CharacterTable
%%  {Upper-case    \A\B\C\D\E\F\G\H\I\J\K\L\M\N\O\P\Q\R\S\T\U\V\W\X\Y\Z
%%   Lower-case    \a\b\c\d\e\f\g\h\i\j\k\l\m\n\o\p\q\r\s\t\u\v\w\x\y\z
%%   Digits        \0\1\2\3\4\5\6\7\8\9
%%   Exclamation   \!     Double quote  \"     Hash (number) \#
%%   Dollar        \$     Percent       \%     Ampersand     \&
%%   Acute accent  \'     Left paren    \(     Right paren   \)
%%   Asterisk      \*     Plus          \+     Comma         \,
%%   Minus         \-     Point         \.     Solidus       \/
%%   Colon         \:     Semicolon     \;     Less than     \<
%%   Equals        \=     Greater than  \>     Question mark \?
%%   Commercial at % can't use that character in a .BIB file!
%%     Left bracket  \[     Backslash     \\
%%   Right bracket \]     Circumflex    \^     Underscore    \_
%%   Grave accent  \`     Left brace    \{     Vertical bar  \|
%%   Right brace   \}     Tilde         \~}
